<?xml version="1.0" encoding="UTF-8" ?>
<collection xmlns:xsi="http://www.w3.org/2001/XMLSchema-instance" xsi:schemaLocation="http://www.loc.gov/MARC21/slim http://www.loc.gov/standards/marcxml/schema/MARC21slim.xsd" xmlns="http://www.loc.gov/MARC21/slim">
   <record>
      <leader>     cam a22      a 4500</leader>
      <controlfield tag="001">1651551</controlfield>
      <controlfield tag="003">NIC</controlfield>
      <controlfield tag="005">20140824215454.0</controlfield>
      <controlfield tag="008">900201s1952    le  a         001 0 ara d</controlfield>
      <datafield tag="035" ind1=" " ind2=" ">
         <subfield code="a">(NIC)notisAHT6999</subfield>
      </datafield>
      <datafield tag="035" ind1=" " ind2=" ">
         <subfield code="a">(OCoLC)64016936</subfield>
      </datafield>
      <datafield tag="035" ind1=" " ind2=" ">
         <subfield code="a">1651551</subfield>
      </datafield>
      <datafield tag="040" ind1=" " ind2=" ">
         <subfield code="a">NIC</subfield>
         <subfield code="c">NIC</subfield>
         <subfield code="d">NIC</subfield>
      </datafield>
      <datafield tag="043" ind1=" " ind2=" ">
         <subfield code="a">a-le---</subfield>
      </datafield>
      <datafield tag="100" ind1="1" ind2=" ">
         <subfield code="a">Abū Shaqrā, Ḥusayn Ghaḍbān,</subfield>
         <subfield code="d">-1903.</subfield>
      </datafield>
      <datafield tag="245" ind1="1" ind2="3">
         <subfield code="a">al-Ḥarakāt fī Lubnān ilá ʻahd al-mutaṣarrifīyah :</subfield>
         <subfield code="b">wa-hiya shahādah Durzīyah ṣarīḥah fī makhṭūṭah tulimmu bi-ḥawādith Lubnān wa-aḥwālihi yudlī bi-hā min ruwāt al-Durūz shāhid ʻiyān wa-yusāhimu bihā wāḥid minhum li-awwal marrah fī tārk̄h Lubnān /</subfield>
         <subfield code="c">al-rāwī Ḥusayn Ghaḍbān Abū Shaqrā ; al-muʼallif Yūsuf Khaṭṭār Abū Shaqrā ; ta-ḥarrá naṣṣahā wa-ʻallaqa ḥawāshīhā wa-malāḥiqahā wa-waḍaʻa muqaddimatahā wa-fahārisahā ʻĀrif Abū Shaqrā.</subfield>
      </datafield>
      <datafield tag="260" ind1=" " ind2=" ">
         <subfield code="a">Bayrūt :</subfield>
         <subfield code="b">[s.n.],</subfield>
         <subfield code="c">1952.</subfield>
      </datafield>
      <datafield tag="300" ind1=" " ind2=" ">
         <subfield code="a">12, 244 p. :</subfield>
         <subfield code="b">ill ;</subfield>
         <subfield code="c">25 cm.</subfield>
      </datafield>
      <datafield tag="500" ind1=" " ind2=" ">
         <subfield code="a">Title on added t.p.: Troubles in Lebanon, an account of political events in Lebanon from 1785 to 1865 by a Druz eye-witness.</subfield>
      </datafield>
      <datafield tag="500" ind1=" " ind2=" ">
         <subfield code="a">Includes indexes.</subfield>
      </datafield>
      <datafield tag="651" ind1=" " ind2="0">
         <subfield code="a">Lebanon</subfield>
         <subfield code="x">History</subfield>
         <subfield code="y">1516-1918.</subfield>
      </datafield>
      <datafield tag="700" ind1="1" ind2=" ">
         <subfield code="a">Abū Shaqrā, Yūsuf Khaṭṭār,</subfield>
         <subfield code="d">approximately 1875-1904.</subfield>
      </datafield>
      <datafield tag="700" ind1="1" ind2=" ">
         <subfield code="a">Abū Shaqrā, ʻĀrif.</subfield>
      </datafield>
      <datafield tag="740" ind1="0" ind2=" ">
         <subfield code="a">Troubles in Lebanon.</subfield>
      </datafield>
      <datafield tag="905" ind1=" " ind2=" ">
         <subfield code="a">19950817120000.0</subfield>
      </datafield>
      <datafield tag="903" ind1=" " ind2=" ">
         <subfield code="a">NYUACO</subfield>
         <subfield code="d">20141028</subfield>
         <subfield code="p">31924073797932</subfield>
      </datafield>
      <datafield tag="950" ind1=" " ind2=" ">
         <subfield code="a">Oversize</subfield>
         <subfield code="b">DS84 .A13 1952a +</subfield>
         <subfield code="v"> </subfield>
      </datafield>
   </record>
</collection>
